@book{james2013introduction,
  title={An introduction to statistical learning},
  author={James, Gareth and Witten, Daniela and Hastie, Trevor and Tibshirani, Robert},
  volume={112},
  year={2013},
  publisher={Springer}
}

@article{soualhi2021novel,
  title={A novel feature extraction method for the condition monitoring of bearings},
  author={Soualhi, Abdenour and El Yousfi, Bilal and Razik, Hubert and Wang, Tianzhen},
  journal={Energies},
  volume={14},
  number={8},
  pages={2322},
  year={2021},
  publisher={MDPI}
}

@article{caesarendra2017review,
  title={A review of feature extraction methods in vibration-based condition monitoring and its application for degradation trend estimation of low-speed slew bearing},
  author={Caesarendra, Wahyu and Tjahjowidodo, Tegoeh},
  journal={Machines},
  volume={5},
  number={4},
  pages={21},
  year={2017},
  publisher={MDPI}
}