%%%%%%%%%%%%%% Straightening Machine %%%%%%%%%%%%%%

@article{kato2014straightening,
  title={Straightening technology of round bars using 2-roll rotary straightener},
  author={Kato, Masakazu and Hasegawa, Atsushi and Sugyo, Shoji and Nakamura, Hiroshi and Kobayashi, Masanori and Morimoto, Yoshio},
  journal={Procedia Engineering},
  volume={81},
  pages={233--238},
  year={2014},
  publisher={Elsevier}
}

@article{ma2020effect,
  title={Effect of process parameters on steel tube roundness in straightening process},
  author={Ma, Li-dong and Du, Yu-kang and Meng, Zhi-juan and Ma, Li-feng and Liu, Zi-jian and Liu, Pei-yu},
  journal={Journal of Iron and Steel Research International},
  volume={27},
  pages={1270--1283},
  year={2020},
  publisher={Springer}
}

@article{ma2021analysis,
  title={Analysis of eleven cross-roll straightening process of steel tube based on cubic spline function and continuous bending elastic-plastic theory},
  author={Ma, Lidong and Liu, Zijian and Ma, Lifeng and Du, Yukang},
  journal={The International Journal of Advanced Manufacturing Technology},
  volume={112},
  pages={3235--3245},
  year={2021},
  publisher={Springer}
}

@article{das1991mechanics,
  title={Mechanics of bar straightening, Part 1: general analysis of straightening process},
  author={Das Talukder, NK and Singh, AN},
  year={1991}
}

@article{yoshimura2009effect,
  title={Effect of Contacting Ratio on Roundness in Straightening Process of Steel Tube},
  author={Yoshimura, Hidenori and Demiya, Hisashi and Mihara, Yutaka},
  journal={Tetsu to Hagane-Journal of the Iron and Steel Institute of Japan},
  volume={95},
  number={11},
  pages={801--806},
  year={2009},
  publisher={IRON STEEL INST JAPAN KEIDANREN KAIKAN NIIKURA BLDG 2F, 2 KANDA-TSUKASACHO 2~…}
}

@article{yu2018theoretical,
  title={Theoretical analysis and numerical simulation on the process mechanism of two-roller straightening},
  author={Yu, Gaochao and Zhai, Ruixue and Zhao, Jun and Ma, Rui},
  journal={The International Journal of Advanced Manufacturing Technology},
  volume={94},
  pages={4011--4021},
  year={2018},
  publisher={Springer}
}

@article{zhang2019modeling,
  title={Modeling and simulation for cross-sectional ovalization of thin-walled tubes in continuous rotary straightening process},
  author={Zhang, Ziqian},
  journal={International Journal of Mechanical Sciences},
  volume={153},
  pages={83--102},
  year={2019},
  publisher={Elsevier}
}

%%%%%%%%%%%%%% Non articles %%%%%%%%%%%%%%

@phdthesis{martin2017unsupervised,
  title={Unsupervised feature learning applied to condition monitoring},
  author={Mart{\'\i}n del Campo Barraza, Sergio},
  year={2017},
  school={Lule{\aa} University of Technology}
}

@book{james2013introduction,
  title={An introduction to statistical learning},
  author={James, Gareth and Witten, Daniela and Hastie, Trevor and Tibshirani, Robert},
  volume={112},
  year={2013},
  publisher={Springer}
}

%%%%%%%%%%%%%% Statistical Learning %%%%%%%%%%%%%%

@article{soualhi2021novel,
  title={A novel feature extraction method for the condition monitoring of bearings},
  author={Soualhi, Abdenour and El Yousfi, Bilal and Razik, Hubert and Wang, Tianzhen},
  journal={Energies},
  volume={14},
  number={8},
  pages={2322},
  year={2021},
  publisher={MDPI}
}

@article{caesarendra2017review,
  title={A review of feature extraction methods in vibration-based condition monitoring and its application for degradation trend estimation of low-speed slew bearing},
  author={Caesarendra, Wahyu and Tjahjowidodo, Tegoeh},
  journal={Machines},
  volume={5},
  number={4},
  pages={21},
  year={2017},
  publisher={MDPI}
}

@inproceedings{adams2017comparison,
  title={A comparison of feature selection and feature extraction techniques for condition monitoring of a hydraulic actuator},
  author={Adams, Stephen and Meekins, Ryan and Beling, Peter A and Farinholt, Kevin and Brown, Nathan and Polter, Sherwood and Dong, Qing},
  booktitle={Annual Conference of the PHM Society},
  volume={9},
  number={1},
  year={2017}
}

@article{bleakie2013feature,
  title={Feature extraction, condition monitoring, and fault modeling in semiconductor manufacturing systems},
  author={Bleakie, Alexander and Djurdjanovic, Dragan},
  journal={Computers in Industry},
  volume={64},
  number={3},
  pages={203--213},
  year={2013},
  publisher={Elsevier}
}

@article{teti2010advanced,
  title={Advanced monitoring of machining operations},
  author={Teti, Roberto and Jemielniak, Krzysztof and O’Donnell, Garret and Dornfeld, David},
  journal={CIRP annals},
  volume={59},
  number={2},
  pages={717--739},
  year={2010},
  publisher={Elsevier}
}

@article{zhang2016degradation,
  title={Degradation feature selection for remaining useful life prediction of rolling element bearings},
  author={Zhang, Bin and Zhang, Lijun and Xu, Jinwu},
  journal={Quality and Reliability Engineering International},
  volume={32},
  number={2},
  pages={547--554},
  year={2016},
  publisher={Wiley Online Library}
}

@article{liao2010feature,
  title={Feature extraction and selection from acoustic emission signals with an application in grinding wheel condition monitoring},
  author={Liao, T Warren},
  journal={Engineering Applications of Artificial Intelligence},
  volume={23},
  number={1},
  pages={74--84},
  year={2010},
  publisher={Elsevier}
}

@article{wang2016multiple,
  title={Multiple physical signals based residual life prediction model of slewing bearing},
  author={Wang, Hua and Tang, Yan and Hong, Rongjing},
  journal={Journal of Vibroengineering},
  volume={18},
  number={7},
  pages={4340--4353},
  year={2016},
  publisher={JVE International Ltd.}
}

@article{buckley2023feature,
  title={A feature extraction \& selection benchmark for structural health monitoring},
  author={Buckley, Tadhg and Ghosh, Bidisha and Pakrashi, Vikram},
  journal={Structural Health Monitoring},
  volume={22},
  number={3},
  pages={2082--2127},
  year={2023},
  publisher={SAGE Publications Sage UK: London, England}
}

@article{kateris2014machine,
  title={A machine learning approach for the condition monitoring of rotating machinery},
  author={Kateris, Dimitrios and Moshou, Dimitrios and Pantazi, Xanthoula-Eirini and Gravalos, Ioannis and Sawalhi, Nader and Loutridis, Spiros},
  journal={Journal of Mechanical Science and Technology},
  volume={28},
  pages={61--71},
  year={2014},
  publisher={Springer}
}

@article{zhang2019new,
  title={A new feature extraction approach using improved symbolic aggregate approximation for machinery intelligent diagnosis},
  author={Zhang, Yulong and Duan, Lixiang and Duan, Menglan},
  journal={Measurement},
  volume={133},
  pages={468--478},
  year={2019},
  publisher={Elsevier}
}

@article{tiboni2022review,
  title={A review on vibration-based condition monitoring of rotating machinery},
  author={Tiboni, Monica and Remino, Carlo and Bussola, Roberto and Amici, Cinzia},
  journal={Applied Sciences},
  volume={12},
  number={3},
  pages={972},
  year={2022},
  publisher={MDPI}
}

@inproceedings{schneider2018automatic,
  title={Automatic feature extraction and selection for condition monitoring and related datasets},
  author={Schneider, Tizian and Helwig, Nikolai and Sch{\"u}tze, Andreas},
  booktitle={2018 IEEE International Instrumentation and Measurement Technology Conference (I2MTC)},
  pages={1--6},
  year={2018},
  organization={IEEE}
}

@article{de2018comparison,
  title={Comparison of automated feature selection and reduction methods on the condition monitoring issue},
  author={de Calle, Kerman L{\'o}pez and Ferreiro, Susana and Arnaiz, Aitor and Sierra, Basilio},
  journal={Procedia Manufacturing},
  volume={16},
  pages={2--9},
  year={2018},
  publisher={Elsevier}
}

@article{hong2014condition,
  title={Condition assessment for the performance degradation of bearing based on a combinatorial feature extraction method},
  author={Hong, Sheng and Zhou, Zheng and Zio, Enrico and Hong, Kan},
  journal={Digital Signal Processing},
  volume={27},
  pages={159--166},
  year={2014},
  publisher={Elsevier}
}

@article{saucedo2021condition,
  title={Condition monitoring method for the detection of fault graduality in outer race bearing based on vibration-current fusion, statistical features and neural network},
  author={Saucedo-Dorantes, Juan-Jose and Zamudio-Ramirez, Israel and Cureno-Osornio, Jonathan and Osornio-Rios, Roque Alfredo and Antonino-Daviu, Jose Alfonso},
  journal={Applied Sciences},
  volume={11},
  number={17},
  pages={8033},
  year={2021},
  publisher={MDPI}
}

@article{lu2016degradation,
  title={Degradation trend estimation of slewing bearing based on LSSVM model},
  author={Lu, Chao and Chen, Jie and Hong, Rongjing and Feng, Yang and Li, Yuanyuan},
  journal={Mechanical Systems and Signal Processing},
  volume={76},
  pages={353--366},
  year={2016},
  publisher={Elsevier}
}

@article{javed2012features,
  title={Features selection procedure for prognostics: An approach based on predictability},
  author={Javed, Kamran and Gouriveau, Rafael and Zemouri, Ryad and Zerhouni, Noureddine},
  journal={IFAC Proceedings Volumes},
  volume={45},
  number={20},
  pages={25--30},
  year={2012},
  publisher={Elsevier}
}

@article{rauber2014heterogeneous,
  title={Heterogeneous feature models and feature selection applied to bearing fault diagnosis},
  author={Rauber, Thomas W and de Assis Boldt, Francisco and Varejao, Flavio Miguel},
  journal={IEEE Transactions on Industrial Electronics},
  volume={62},
  number={1},
  pages={637--646},
  year={2014},
  publisher={IEEE}
}

@article{guo2016multifeatures,
  title={Multifeatures fusion and nonlinear dimension reduction for intelligent bearing condition monitoring},
  author={Guo, Liang and Gao, Hongli and Huang, Haifeng and He, Xiang and Li, ShiChao and others},
  journal={Shock and Vibration},
  volume={2016},
  year={2016},
  publisher={Hindawi}
}

@article{assafo2023stability,
  title={On the Stability and Homogeneous Ensemble of Feature Selection for Predictive Maintenance: A Classification Application for Tool Condition Monitoring in Milling},
  author={Assafo, Maryam and St{\"a}dter, Jost Philipp and Meisel, Tenia and Langend{\"o}rfer, Peter},
  journal={Sensors},
  volume={23},
  number={9},
  pages={4461},
  year={2023},
  publisher={MDPI}
}

@article{li2023optimal,
  title={Optimal symbolic entropy: An adaptive feature extraction algorithm for condition monitoring of bearings},
  author={Li, Chunyun and Noman, Khandaker and Liu, Zheng and Feng, Ke and Li, Yongbo},
  journal={Information Fusion},
  volume={98},
  pages={101831},
  year={2023},
  publisher={Elsevier}
}

@article{malhi2004pca,
  title={PCA-based feature selection scheme for machine defect classification},
  author={Malhi, Arnaz and Gao, Robert X},
  journal={IEEE transactions on instrumentation and measurement},
  volume={53},
  number={6},
  pages={1517--1525},
  year={2004},
  publisher={IEEE}
}

@book{ahmed2020condition,
  title={Condition monitoring with vibration signals: Compressive sampling and learning algorithms for rotating machines},
  author={Ahmed, Hosameldin and Nandi, Asoke K},
  year={2020},
  publisher={John Wiley \& Sons}
}

@article{tolocsi2011classification,
  title={Classification with correlated features: unreliability of feature ranking and solutions},
  author={Tolosi, Laura and Lengauer, Thomas},
  journal={Bioinformatics},
  volume={27},
  number={14},
  pages={1986--1994},
  year={2011},
  publisher={Oxford University Press}
}

@article{d2019physical,
  title={Physical and Metrological Approach for Feature’s Definition and Selection in Condition Monitoring},
  author={D’Emilia, Giulio and Gaspari, Antonella and Natale, Emanuela},
  journal={Sensors},
  volume={19},
  number={23},
  pages={5186},
  year={2019},
  publisher={MDPI}
}

@inproceedings{zhang2010study,
  title={Study of the hydraulic system simulation and PID autotuning based on relay feedback of the tantalum-niobium tube straightener},
  author={Zhang, Zhiwei and Wu, Zhongyou and Liu, Fuchun and Song, Jinchun},
  booktitle={2010 5th IEEE Conference on Industrial Electronics and Applications},
  pages={1253--1257},
  year={2010},
  organization={IEEE}
}

@inproceedings{telford2011condition,
  title={Condition based maintenance (CBM) in the oil and gas industry: An overview of methods and techniques},
  author={Telford, Samuel and Mazhar, Muhammad Ilyas and Howard, Ian},
  booktitle={Proceedings of the 2011 international conference on industrial engineering and operations management, Kuala Lumpur, Malaysia},
  pages={22--24},
  year={2011}
}